<?xml version="1.0" encoding="UTF-8" ?><xb:digital_entity_call xmlns:xb="http://com/exlibris/digitool/repository/api/xmlbeans"><xb:digital_entity><pid>1138075</pid><control><label>Integrované modely fyziologických systémů</label><note xsi:nil="true" xmlns:xsi="http://www.w3.org/2001/XMLSchema-instance"/><ingest_id xsi:nil="true" xmlns:xsi="http://www.w3.org/2001/XMLSchema-instance"/><ingest_name xsi:nil="true" xmlns:xsi="http://www.w3.org/2001/XMLSchema-instance"/><entity_type>COMPLEX</entity_type><entity_group xsi:nil="true" xmlns:xsi="http://www.w3.org/2001/XMLSchema-instance"/><usage_type>VIEW</usage_type><preservation_level>any</preservation_level><partition_a xsi:nil="true" xmlns:xsi="http://www.w3.org/2001/XMLSchema-instance"/><partition_b xsi:nil="true" xmlns:xsi="http://www.w3.org/2001/XMLSchema-instance"/><partition_c xsi:nil="true" xmlns:xsi="http://www.w3.org/2001/XMLSchema-instance"/><status xsi:nil="true" xmlns:xsi="http://www.w3.org/2001/XMLSchema-instance"/><creation_date>2013-09-10 11:53:39</creation_date><creator>super:DUVT</creator><modification_date>2013-09-10 11:58:52</modification_date><modified_by>super:DUVT</modified_by><admin_unit>DUR01</admin_unit></control><mds><md shared="false"><mid>1895781</mid><description> </description><name>descriptive</name><type>marc</type><value><![CDATA[<record xmlns="http://www.loc.gov/MARC21/slim" xmlns:xsi="http://www.w3.org/2001/XMLSchema-instance" xsi:schemaLocation="http://www.loc.gov/MARC21/slim http://www.loc.gov/standards/marcxml/schema/MARC21slim.xsd"><leader>00653ntm a22001937a 4500</leader><controlfield tag="001">001529410</controlfield><controlfield tag="003">CZ PrCU</controlfield><controlfield tag="005">20121115112136.0</controlfield><controlfield tag="008">121107s2011    xr     f m       |0 cze d</controlfield><datafield tag="040" ind1=" " ind2=" "><subfield code="a">ABD162</subfield><subfield code="b">cze</subfield></datafield><datafield tag="100" ind1="1" ind2=" "><subfield code="a">Kofránek, Jiří,</subfield><subfield code="d">1949-</subfield><subfield code="7">jn20000710235</subfield><subfield code="4">dis</subfield></datafield><datafield tag="245" ind1="1" ind2="0"><subfield code="a">Integrované modely fyziologických systémů</subfield><subfield code="h">[rukopis] /</subfield><subfield code="c">Jiří Kofránek</subfield></datafield><datafield tag="260" ind1=" " ind2=" "><subfield code="a">Praha,</subfield><subfield code="c">2011</subfield></datafield><datafield tag="300" ind1=" " ind2=" "><subfield code="a">123 s.</subfield></datafield><datafield tag="502" ind1=" " ind2=" "><subfield code="a">Habilitační práce--Univerzita Karlova. 1. lékařská fakulta. Ústav patologické fyziologie, 2011</subfield></datafield><datafield tag="710" ind1="2" ind2=" "><subfield code="a">Univerzita Karlova.</subfield><subfield code="b">Lékařská fakulta, 1.</subfield><subfield code="b">Ústav patologické fyziologie</subfield><subfield code="7">nlk20030145133</subfield></datafield><datafield tag="850" ind1=" " ind2=" "><subfield code="a">LF1</subfield></datafield><datafield tag="997" ind1=" " ind2=" "><subfield code="a">DS</subfield></datafield><controlfield tag="998">001529410</controlfield><datafield tag="SID" ind1=" " ind2=" "><subfield code="a">Z39</subfield><subfield code="b">CKS01</subfield></datafield><controlfield tag="FMT">BK</controlfield></record>]]></value></md></mds><relations><relation><type>include</type><pid>1138076</pid></relation><relation><type>include</type><pid>1138077</pid></relation></relations><stream_ref><file_name xsi:nil="true" xmlns:xsi="http://www.w3.org/2001/XMLSchema-instance"/><file_extension xsi:nil="true" xmlns:xsi="http://www.w3.org/2001/XMLSchema-instance"/><mime_type xsi:nil="true" xmlns:xsi="http://www.w3.org/2001/XMLSchema-instance"/><directory_path xsi:nil="true" xmlns:xsi="http://www.w3.org/2001/XMLSchema-instance"/><file_id xsi:nil="true" xmlns:xsi="http://www.w3.org/2001/XMLSchema-instance"/><storage_id>-1</storage_id><external_type>0</external_type><file_size_bytes>0</file_size_bytes></stream_ref></xb:digital_entity></xb:digital_entity_call>